<record><leader>00000cas a22000007a 4500</leader><controlfield tag="001">13571505</controlfield><controlfield tag="008">860515d19271978paudn ne      0    0eng  </controlfield><controlfield tag="009">466</controlfield><datafield ind1=" " ind2=" " tag="010"><subfield code="a">sn 86071516 </subfield></datafield><datafield ind1=" " ind2=" " tag="040"><subfield code="a">DLC</subfield><subfield code="b">eng</subfield><subfield code="c">DLC</subfield><subfield code="d">NSD</subfield><subfield code="d">NPH</subfield></datafield><datafield ind1="1" ind2=" " tag="029"><subfield code="a">AU@</subfield><subfield code="b">000025786657</subfield></datafield><datafield ind1=" " ind2=" " tag="042"><subfield code="a">msc</subfield></datafield><datafield ind1="0" ind2="0" tag="050"><subfield code="a">Newspaper 9375-X</subfield></datafield><datafield ind1="0" ind2="0" tag="245"><subfield code="a">North Penn reporter.</subfield></datafield><datafield ind1=" " ind2=" " tag="260"><subfield code="a">Lansdale, Pa. :</subfield><subfield code="b">Equitable Pub. Co.,</subfield><subfield code="c">1927-1978.</subfield></datafield><datafield ind1=" " ind2=" " tag="300"><subfield code="a">51 v. :</subfield><subfield code="b">ill. ;</subfield><subfield code="c">42 cm.</subfield></datafield><datafield ind1=" " ind2=" " tag="310"><subfield code="a">Daily (except Sun.),</subfield><subfield code="b">&lt;1931-1978&gt;</subfield></datafield><datafield ind1=" " ind2=" " tag="321"><subfield code="a">Frequency varies,</subfield><subfield code="b">&lt;1927-1930&gt;</subfield></datafield><datafield ind1="0" ind2=" " tag="362"><subfield code="a">Vol. 55, whole no. 3043 (Feb. 4, 1927)-   ;   -109th yr. issue 54 (Dec. 30, 1978).</subfield></datafield><datafield ind1=" " ind2=" " tag="525"><subfield code="a">Has supplements.</subfield></datafield><datafield ind1=" " ind2=" " tag="752"><subfield code="a">United States</subfield><subfield code="b">Pennsylvania</subfield><subfield code="c">Montgomery</subfield><subfield code="d">Lansdale.</subfield></datafield><datafield ind1="0" ind2="0" tag="780"><subfield code="t">North Penn review and Lansdale reporter</subfield><subfield code="w">(DLC)sn 88079254</subfield></datafield><datafield ind1="0" ind2="0" tag="785"><subfield code="t">Reporter (Lansdale, Pa.)</subfield><subfield code="w">(DLC)sn 8602566</subfield></datafield></record>